<record><leader>00000cas a2200000 a 4500</leader><controlfield tag="001">56102160</controlfield><controlfield tag="007">hd af----baca</controlfield><controlfield tag="008">040806d18191828mauwr nea     0    0eng c</controlfield><datafield ind1=" " ind2=" " tag="010"><subfield code="a">  2004261197</subfield></datafield><datafield ind1=" " ind2=" " tag="040"><subfield code="a">HNK</subfield><subfield code="b">eng</subfield><subfield code="c">HNK</subfield><subfield code="d">OCLCQ</subfield><subfield code="d">OCLCO</subfield><subfield code="d">OCLCF</subfield><subfield code="d">OCLCO</subfield><subfield code="d">OCLCQ</subfield></datafield><datafield ind1=" " ind2=" " tag="042"><subfield code="a">pcc</subfield></datafield><datafield ind1=" " ind2=" " tag="043"><subfield code="a">n-us-ma</subfield></datafield><datafield ind1="1" ind2="4" tag="050"><subfield code="a">Newspaper</subfield></datafield><datafield ind1="0" ind2="0" tag="245"><subfield code="a">Boston weekly report of public sales and of arrivals.</subfield></datafield><datafield ind1="3" ind2=" " tag="246"><subfield code="a">P.P.F. Degrand's Boston weekly report of public sales and of arrivals</subfield></datafield><datafield ind1="3" ind2="0" tag="246"><subfield code="a">Boston weekly report</subfield></datafield><datafield ind1="1" ind2=" " tag="246"><subfield code="i">Title from microproducer:</subfield><subfield code="a">Degrand's Boston weekly report of public sales and arrivals</subfield></datafield><datafield ind1=" " ind2=" " tag="260"><subfield code="a">Boston [Mass.] :</subfield><subfield code="b">P.P.F. Degrand,</subfield><subfield code="c">1819-</subfield></datafield><datafield ind1=" " ind2=" " tag="300"><subfield code="a">volumes</subfield></datafield><datafield ind1=" " ind2=" " tag="310"><subfield code="a">Weekly</subfield></datafield><datafield ind1=" " ind2=" " tag="336"><subfield code="a">text</subfield><subfield code="b">txt</subfield><subfield code="2">rdacontent</subfield></datafield><datafield ind1=" " ind2=" " tag="337"><subfield code="a">microform</subfield><subfield code="b">h</subfield><subfield code="2">rdamedia</subfield></datafield><datafield ind1=" " ind2=" " tag="338"><subfield code="a">microfilm reel</subfield><subfield code="b">hd</subfield><subfield code="2">rdacarrier</subfield></datafield><datafield ind1="0" ind2=" " tag="362"><subfield code="a">Vol. 1, no. 1 (May 1, 1819)-</subfield></datafield><datafield ind1="1" ind2=" " tag="362"><subfield code="a">Ceased with v. 9, no. 472 (May 10, 1828).</subfield></datafield><datafield ind1=" " ind2=" " tag="500"><subfield code="a">Title from masthead.</subfield></datafield><datafield ind1=" " ind2=" " tag="500"><subfield code="a">At head of title: P.P.F. Degrand's, May 6, 1819-&lt;Apr. 12, 1828&gt;</subfield></datafield><datafield ind1=" " ind2=" " tag="588"><subfield code="a">Latest issue consulted: Vol. 9, no. 468 (Apr. 12, 1828).</subfield></datafield><datafield ind1=" " ind2=" " tag="533"><subfield code="a">Microfilm.</subfield><subfield code="m">v.1-v.9:no. 468 (1819:May 1-1828:Apr. 12)</subfield><subfield code="b">Woodbridge, Conn. :</subfield><subfield code="c">Research Publications, inc.</subfield><subfield code="e">microfilm reels ; 35 mm.</subfield><subfield code="f">(Goldsmiths'-Kress library of economic literature. Serials ; no. 3449-3451).</subfield><subfield code="n">Loss of print throughout entry.</subfield><subfield code="n">Some reels filmed with other titles.</subfield></datafield><datafield ind1=" " ind2="0" tag="651"><subfield code="a">Boston (Mass.)</subfield><subfield code="v">Newspapers.</subfield></datafield><datafield ind1=" " ind2="0" tag="651"><subfield code="a">Suffolk County (Mass.)</subfield><subfield code="v">Newspapers.</subfield></datafield><datafield ind1=" " ind2="7" tag="651"><subfield code="a">Massachusetts</subfield><subfield code="z">Boston.</subfield><subfield code="2">fast</subfield><subfield code="0">(OCoLC)fst01205012</subfield></datafield><datafield ind1=" " ind2="7" tag="651"><subfield code="a">Massachusetts</subfield><subfield code="z">Suffolk County.</subfield><subfield code="2">fast</subfield><subfield code="0">(OCoLC)fst01206189</subfield></datafield><datafield ind1=" " ind2="7" tag="655"><subfield code="a">Newspapers.</subfield><subfield code="2">fast</subfield><subfield code="0">(OCoLC)fst01423814</subfield></datafield><datafield ind1=" " ind2=" " tag="752"><subfield code="a">United States</subfield><subfield code="b">Massachusetts</subfield><subfield code="c">Suffolk</subfield><subfield code="d">Boston.</subfield></datafield><datafield ind1="1" ind2=" " tag="776"><subfield code="c">Original</subfield><subfield code="w">(DLC)sn 84031852</subfield><subfield code="w">(OCoLC)4706821</subfield></datafield><datafield ind1="0" ind2="4" tag="785"><subfield code="t">Boston commercial gazette (Boston, Mass. : Semiweekly)</subfield></datafield><datafield ind1=" " ind2="0" tag="830"><subfield code="a">Goldsmiths'-Kress library of economic literature.</subfield><subfield code="p">Serials ;</subfield><subfield code="v">no. 3449-3451.</subfield></datafield></record>